@article{Machado2018,
	author = "Machado, Ionara Lucena and Lavor, Maria Francielze Holanda",
	title = "Prevalência de asfixia perinatal em recém-nascidos de termo em maternidade de referência terciária e principais disfunções orgânicas associadas",
	journal = "Revista de Medicina UFC, Fortaleza",
	volume = "58",
	number = "3",
	pages = "10--14",
	year = "2018"
}

@book{Burns2017,
	author = "Burns, Dennis Alexander Rabelo et al.",
	title = "Tratado de Pediatria: Sociedade Brasileira de Pediatria",
	edition = "4",
	publisher = "",
	address = "Barueri, SP",
	year = "2017"
}

@article{Yildiz2017,
	author = "Yildiz, Edibe Pembegül and Ekici, Barış and Tatli, Burak",
	title = "Neonatal hypoxic ischemic encephalopathy: an update on disease pathogenesis and treatment",
	journal = "Expert Review of Neurotherapeutics",
	volume = "13",
	number = "6",
	year = "2017",
	doi = "10.1080/14737175.2017.1259567"
}

@article{Azzopardi2014,
	author = "Azzopardi, Denis et al.",
	title = "Effects of Hypothermia for Perinatal Asphyxia on Childhood Outcomes",
	journal = "The New England Journal of Medicine",
	volume = "371",
	number = "2",
	pages = "",
	year = "2014"
}

@article{Laptook2017,
	author = "Laptook, Abbot R. et al.",
	title = "Effect of Therapeutic Hypothermia Initiated After 6 Hours of Age on Death or Disability Among Newborns With Hypoxic-Ischemic Encephalopathy: A Randomized Clinical Trial",
	journal = "JAMA",
	volume = "318",
	number = "16",
	pages = "1550--1560",
	year = "2017",
	doi = "10.1001/jama.2017.14972"
}

@article{Thayyil2021,
	author = "Thayyil, Sudhin et al.",
	title = "Hypothermia for moderate or severe neonatal encephalopathy in low-income and middle-income countries (HELIX): a randomised controlled trial in India, Sri Lanka, and Bangladesh",
	journal = "The Lancet",
	volume = "9",
	year = "2021"
}

@article{Abate2021,
	author = "Abate, Biruk Beletew et al.",
	title = "Effects of therapeutic hypothermia on death among asphyxiated neonates with hypoxic-ischemicencephalopathy: A systematic review and meta-analysis of randomized controltrials",
	journal = "PloS One",
	volume = "16",
	number = "2",
	pages = "e0247229",
	year = "2021"
}

@article{Silveira2015,
	author = "Silveira, Rita C. and Procianoy, Renato S.",
	title = "Hypothermia therapy for newborns with hypoxic ischemic encephalopathy",
	journal = "Jornal de Pediatria",
	volume = "91",
	number = "6",
	pages = "S78--S83",
	year = "2015"
}