@article{Azzopardi2014,
	author = {Azzopardi, Denis and Strohm, Brenda and Marlow, Neil and Brocklehurst, Peter and Deierl, Aniko and Eddama, Oya and The New England Journal of Medicine, Edmund},
	title = {Effects of Hypothermia for Perinatal Asphyxia on Childhood Outcomes},
	journal = {The New England Journal of Medicine},
	volume = {371},
	number = {2},
	pages = {},
	year = {2014},
	doi = {10.1056/NEJMoa1313785}
}

@article{Laptook2017,
	author = {Laptook, Abbot R. and Shankaran, Seetha and Tyson, Jon E. and Munoz, Brenda and Bell, Edward F. and Goldberg, Ronald N. and Montaldo, Paolo and Shukla, Deepika and Oliveira, Vania and Ivain, Phoebe},
	title = {Effect of Therapeutic Hypothermia Initiated After 6 Hours of Age on Death or Disability Among Newborns With Hypoxic-Ischemic Encephalopathy},
	journal = {JAMA},
	volume = {318},
	number = {16},
	pages = {1550-1560},
	year = {2017},
	doi = {10.1001/jama.2017.14972}
}

@article{Silveira2015,
	author = {Silveira, Rita C. and Procianoy, Renato S.},
	title = {Hypothermia therapy for newborns with hypoxic ischemic encephalopathy},
	journal = {Jornal de Pediatria},
	volume = {91},
	number = {6},
	pages = {S78-S83},
	year = {2015},
	doi = {10.1016/j.jped.2015.04.004}
}

@article{Yildiz2017,
	author = {Yildiz, Edibe Pembegül and Ekici, Barış and Tatli, Burak},
	title = {Neonatal hypoxic ischemic encephalopathy: an update on disease pathogenesis and treatment},
	journal = {Expert Review of Neurotherapeutics},
	volume = {17},
	number = {6},
	pages = {577-586},
	year = {2017},
	doi = {10.1080/14737175.2017.1259567}
}

@article{Abate2021,
	author = {Abate, Biruk Beletew and others},
	title = {Effects of therapeutic hypothermia on death among asphyxiated neonates with hypoxic-ischemic encephalopathy: A systematic review and meta-analysis of randomized controlled trials},
	journal = {PLOS ONE},
	volume = {16},
	number = {2},
	pages = {e0247229},
	year = {2021},
	doi = {10.1371/journal.pone.0247229}
}