@article{Machado2018, author = "Machado, Ionara Lucena and Lavor, Maria Francielze Holanda", title = "Prevalência de asfixia perinatal em recém-nascidos de termo em maternidade de referência terciária e principais disfunções orgânicas associadas", journal = "Revista de Medicina UFC", volume = "58", number = "3", pages = "10--14", year = "2018" }
@book{Burns2017, author = "Burns, Dennis Alexander Rabelo et al.", title = "Tratado de Pediatria", edition = "4", publisher = "Sociedade Brasileira de Pediatria", address = "Barueri, SP", year = "2017" }
@article{Yildiz2017, author = "Yildiz, Edibe Pembegül and Ekici, Barış and Tatli, Burak", title = "Neonatal hypoxic ischemic encephalopathy: an update on disease pathogenesis and treatment", journal = "Expert Review of Neurotherapeutics", volume = "13", number = "6", year = "2017", doi = "10.1080/14737175.2017.1259567", url = "http://dx.doi.org/10.1080/14737175.2017.1259567" }
@article{Azzopardi2014, author = "Azzopardi, Denis and Strohm, Brenda and Marlow, Neil and Brocklehurst, Peter and Deierl, Aniko and Eddama, Oya and Goodwin, Julia and Halliday, Henry L.", title = "Effects of Hypothermia for Perinatal Asphyxia on Childhood Outcomes", journal = "The New England Journal of Medicine", volume = "371", number = "2", pages = "140--149", year = "2014" }
@article{Laptook2017, author = "Laptook, Abbot R. and Shankaran, Seetha and Tyson, Jon E. and Munoz, Breda and Bell, Edward F. and Goldberg, Ronald N. and Parikh, Nehal A.", title = "Effect of Therapeutic Hypothermia Initiated After 6 Hours of Age on Death or Disability Among Newborns With Hypoxic-Ischemic Encephalopathy: A Randomized Clinical Trial", journal = "JAMA", volume = "318", number = "16", pages = "1550--1560", year = "2017", doi = "10.1001/jama.2017.14972", url = "https://jamanetwork.com/journals/jama/fullarticle/2658322" }
@article{Thayyil2021, author = "Thayyil, Sudhin and Pant, Stuti and Montaldo, Paolo and Shukla, Deepika and Oliveira, Vania and Ivain, Phoebe", title = "Hypothermia for moderate or severe neonatal encephalopathy in low-income and middle-income countries (HELIX): a randomised controlled trial in India, Sri Lanka, and Bangladesh", journal = "The Lancet", volume = "9", year = "2021" }
@article{Abate2021, author = "Abate, Biruk Beletew et al.", title = "Effects of therapeutic hypothermia on death among asphyxiated neonates with hypoxic-ischemic encephalopathy: A systematic review and meta-analysis of randomized control trials", journal = "PloS One", volume = "16", number = "2", pages = "e0247229", year = "2021" }
@article{Silveira2015, author = "Silveira, Rita C. and Procianoy, Renato S.", title = "Hypothermiatherapy for newborns with hypoxic ischemic encephalopathy", journal = "Jornal de Pediatria (Versão em Português)", volume = "91", number = "6", pages = "S78--S83", year = "2015" }