@article{Machado2018,
	author = {Machado, Ionara Lucena and Lavor, Maria Francielze Holanda},
	title = {Prevalência de asfixia perinatal em recém-nascidos de termo em maternidade de referência terciária e principais disfunções orgânicas associadas},
	journal = {Revista de Medicina UFC},
	volume = {58},
	number = {3},
	pages = {10--14},
	year = {2018},
	address = {Fortaleza},
	month = {jul/set}
}

@article{Silva2023,
	author = {Silva, João Carlos and Santos, Maria Eduarda},
	title = {Análise de dados em robótica: uma abordagem brasileira},
	journal = {Revista Brasileira de Robótica},
	volume = {15},
	number = {2},
	pages = {45--67},
	year = {2023},
	address = {São Paulo},
	month = {jun}
}

@article{Garcia2023,
	author = {García, Carlos Manuel and López, Ana Isabel},
	title = {Inteligencia artificial aplicada a la robótica industrial},
	journal = {Revista Española de Automática},
	volume = {12},
	number = {3},
	pages = {23--45},
	year = {2023},
	address = {Madrid},
	month = {sep}
}

@article{Rossi2023,
	author = {Rossi, Marco Antonio and Ferrari, Giulia},
	title = {Robotica industriale e intelligenza artificiale: prospettive future},
	journal = {Rivista Italiana di Automazione},
	volume = {8},
	number = {1},
	pages = {12--28},
	year = {2023},
	address = {Milano},
	month = {mar}
}

@book{Author2022,
	author = {[AUTHOR NAME TO BE FILLED]},
	title = {[BOOK TITLE TO BE FILLED]},
	publisher = {[PUBLISHER TO BE FILLED]},
	address = {[CITY TO BE FILLED]},
	year = {2022}
}

@inproceedings{Conference2023,
	author = {[AUTHOR NAME TO BE FILLED]},
	title = {[CONFERENCE PAPER TITLE TO BE FILLED]},
	booktitle = {Proceedings of [CONFERENCE NAME TO BE FILLED]},
	year = {2023},
	pages = {[PAGES TO BE FILLED]},
	address = {[CONFERENCE LOCATION TO BE FILLED]},
	month = {[MONTH TO BE FILLED]}
}

@online{Website2023,
	author = {[ORGANIZATION TO BE FILLED]},
	title = {[WEBPAGE TITLE TO BE FILLED]},
	url = {[URL TO BE FILLED]},
	urldate = {2023-12-01},
	year = {2023}
}

@article{Reference8,
	author = {[AUTHOR TO BE FILLED]},
	title = {[TITLE TO BE FILLED]},
	journal = {[JOURNAL TO BE FILLED]},
	volume = {[VOLUME]},
	number = {[NUMBER]},
	pages = {[PAGES]},
	year = {[YEAR]},
	address = {[ADDRESS]},
	month = {[MONTH]}
}

@article{Reference9,
	author = {[AUTHOR TO BE FILLED]},
	title = {[TITLE TO BE FILLED]},
	journal = {[JOURNAL TO BE FILLED]},
	volume = {[VOLUME]},
	number = {[NUMBER]},
	pages = {[PAGES]},
	year = {[YEAR]},
	address = {[ADDRESS]},
	month = {[MONTH]}
}

@article{Reference10,
	author = {[AUTHOR TO BE FILLED]},
	title = {[TITLE TO BE FILLED]},
	journal = {[JOURNAL TO BE FILLED]},
	volume = {[VOLUME]},
	number = {[NUMBER]},
	pages = {[PAGES]},
	year = {[YEAR]},
	address = {[ADDRESS]},
	month = {[MONTH]}
}